<?xml version="1.0" encoding="UTF-8"?><record xmlns="http://www.loc.gov/MARC21/slim" xmlns:cinclude="http://apache.org/cocoon/include/1.0" xmlns:zs="http://www.loc.gov/zing/srw/">
  <leader>00572cz  a2200157n  4500</leader>
  <controlfield tag="001">n 2002028872</controlfield>
  <controlfield tag="003">DLC</controlfield>
  <controlfield tag="005">20041109052110.0</controlfield>
  <controlfield tag="008">020305n| acannaabn          |a aaa      </controlfield>
  <datafield tag="010" ind1=" " ind2=" ">
    <subfield code="a">n 2002028872</subfield>
  </datafield>
  <datafield tag="035" ind1=" " ind2=" ">
    <subfield code="a">(OCoLC)oca05705642</subfield>
  </datafield>
  <datafield tag="040" ind1=" " ind2=" ">
    <subfield code="a">DLC</subfield>
    <subfield code="b">eng</subfield>
    <subfield code="c">DLC</subfield>
    <subfield code="d">SaPrUSA</subfield>
  </datafield>
  <datafield tag="100" ind1="1" ind2=" ">
    <subfield code="a">Ten Harmsel, Larry,</subfield>
    <subfield code="d">1945-</subfield>
  </datafield>
  <datafield tag="400" ind1="1" ind2=" ">
    <subfield code="a">Harmsel, Larry ten,</subfield>
    <subfield code="d">1945-</subfield>
  </datafield>
  <datafield tag="670" ind1=" " ind2=" ">
    <subfield code="a">Ten Harmsel, Larry. Dutch in Michigan, 2002:</subfield>
    <subfield code="b">CIP t.p. (Larry ten Harmsel) data sheet (b. June 7, 1945)</subfield>
  </datafield>
  <datafield tag="670" ind1=" " ind2=" ">
    <subfield code="a">The Dutch poet Lucebert, 1971:</subfield>
    <subfield code="b">t.p. (Larry ten Harmsel) UMI t.p. (Ten Harmsel, Larry Jay, 1945-)</subfield>
  </datafield>
</record>